% This file was created with JabRef 2.7b.
% Encoding: UTF8

%BOOKS=============================================================================================

@BOOK{schneider2006,
   author =      "Schneider, P.",
   title =       "Extragalactic Astronomy and Cosmology An Introduction",
   publisher =   "Springer",
   year =        2006,
   address =     "New York",
   edition =     "Firts",
   isbn =        "10 3-540-33174-3"}
@BOOK{padmanabhan1995,
   author =      "Padmanabhan, T.",
   title =       "Structure Formation in the Universe",
   publisher =   "Cambridge University Press",
   year =        1995,
   address =     "Great Britain",
   edition =     "First",
   isbn =        "0-521-42486-0"}
@BOOK{carroll2007,
   author =      "Carroll, B.W. and Ostlie D.A.",
   title =       "An Introduction to Modern Astrophysics",
   publisher =   "Pearson Education",
   year =        2007,
   address =     "Great Britain",
   edition =     "Second",
   isbn =        "0-321-44284-9"}

@BOOK{janssen2013,
   author =      "Janssen, B.",
   title =       "Teorı́a de la Relatividad General",
   publisher =   "",
   year =        2013,
   address =     "Granada",
   edition =     "Firts",
   isbn =        ""}

@BOOK{longair2008,
   author =      "Longair, M.S",
   title =       "Galaxy Formation",
   publisher =   "Springer",
   year =        2008,
   address =     "New York",
   edition =     "Secund",
   isbn =        "978-3-540-73477-2"}


%ARTICLES==========================================================================================


@ARTICLE{hahn2007,
  author =	"Hahn, O. and Porciani, C and Carollo, C. M. and Dekel, A. ",
  title =	"Properties of dark matter haloes in clusters, filaments, sheets and voids",
  journal = 	 "Monthly Notices of the Royal Astronomical Society",
  year = 		 2007,
  volume =		 "375",
  pages = 		 "489–499",
  number = 		 "",
  publisher = 	 {}}
  
@ARTICLE{zeldovich1970,
  author =		 "Zeldovich, Y.B.",
  title =		 "Gravitational instability: an approximate theory for large density perturbations",
  journal = 	 "Astronomy and Astrophysics",
  year = 		 1970,
  volume =		 "5",
  pages = 		 "84--89",
  number = 		 "",
  publisher = 	 {}}

@ARTICLE{forero2009,
  author =	"Forero–Romero,J. E. and Hoffman, Y. and  Gottlöber, S. and  Klypin, A. and  Yepes, G.",
  title =	"Properties of dark matter haloes in clusters, filaments, sheets and voids",
  journal = 	 "Monthly Notices of the Royal Astronomical Society",
  year = 		 2009,
  volume =		 " 396",
  pages = 		 "1815–1824",
  number = 		 "",
  publisher = 	 {}}

@ARTICLE{fanidakis2011,
  author =	"Fanidakis, N. and  Baugh, C. M. and Benson, A. J. and  Bower, R. G. and Cole, S and  Done, C. and Frenk, C. S.",
  title =	"Grand unification of AGN activity in the ΛCDM cosmology",
  journal = 	 "Monthly Notices of the Royal Astronomical Society",
  year = 		 2011,
  volume =		 "410",
  pages = 		 "53–74",
  number = 		 "",
  publisher = 	 {}}

@ARTICLE{fanidakis2011,
  author =	"Fanidakis, N. and  Baugh, C. M. and Benson, A. J. and  Bower, R. G. and Cole, S and  Done, C. and Frenk, C. S.",
  title =	"Grand unification of AGN activity in the ΛCDM cosmology",
  journal = 	 "Monthly Notices of the Royal Astronomical Society",
  year = 		 2011,
  volume =		 "410",
  pages = 		 "53–74",
  number = 		 "",
  publisher = 	 {}}

@ARTICLE{francis1991,
  author =	"Francis, P. J. and Hewett, P. C. and Foltz, C. B. and Chaffee, F. H. and Weymann, R. J. and Morris, S. L.",
  title =	"A high signal-to-noise ratio composite quasar spectrum",
  journal = 	 "Astrophysical Journal",
  year = 		 1991,
  volume =		 "373",
  pages = 		 "465-470",
  number = 		 "",
  publisher = 	 {}}

@ARTICLE{bond1987,
  author =	"Bond, J. R. and Efstathiou, G.",
  title =	"The statistics of cosmic background radiation fluctuations",
  journal = 	 "Monthly Notices of the Royal Astronomical Society",
  year = 		 1987,
  volume =		 "226",
  pages = 		 "655–687",
  number = 		 "",
  publisher = 	 {}}
